
<record><leader>02026cz  a2200289n  4500</leader><controlfield tag="005">20230329130712.0</controlfield><controlfield tag="008">060406i| anannbabn          |a ana     c</controlfield><controlfield tag="001">98187481368906381</controlfield><datafield ind1=" " ind2=" " tag="010"><subfield code="a">sh2002001970</subfield></datafield><datafield ind1=" " ind2=" " tag="035"><subfield code="a">(DLC) sh2002001970</subfield></datafield><datafield ind1=" " ind2=" " tag="035"><subfield code="a">(LIBRARY_OF_CONGRESS)98172020470000041</subfield></datafield><datafield ind1=" " ind2=" " tag="040"><subfield code="a">CaNSH</subfield><subfield code="b">eng</subfield><subfield code="c">DLC</subfield><subfield code="d">DLC</subfield><subfield code="d">MiU</subfield></datafield><datafield ind1=" " ind2=" " tag="150"><subfield code="a">Human smuggling</subfield></datafield><datafield ind1=" " ind2=" " tag="450"><subfield code="a">Immigrant smuggling</subfield></datafield><datafield ind1=" " ind2=" " tag="450"><subfield code="a">Migrant smuggling</subfield></datafield><datafield ind1=" " ind2=" " tag="450"><subfield code="a">People smuggling</subfield></datafield><datafield ind1=" " ind2=" " tag="550"><subfield code="w">g</subfield><subfield code="a">Smuggling</subfield></datafield><datafield ind1=" " ind2=" " tag="550"><subfield code="a">Illegal immigration</subfield></datafield><datafield ind1=" " ind2=" " tag="550"><subfield code="a">Undocumented immigrants</subfield></datafield><datafield ind1=" " ind2=" " tag="670"><subfield code="a">Work cat.: Global human smuggling: comparative perspectives, 2001.</subfield></datafield><datafield ind1=" " ind2=" " tag="670"><subfield code="a">Chin, Ko-lin. Smuggled Chinese: clandestine immigration to the United States, 1999.</subfield></datafield><datafield ind1=" " ind2=" " tag="670"><subfield code="a">Web site, European Council on  Refugees and Exiles, July 21, 2003</subfield><subfield code="b">(An overview of proposals addressing migrant smuggling and trafficking in persons: the term "trafficking" tends to describe movements of individuals against their will, whereas "smuggling" refers to voluntary movement on the part of the migrant; in the UN smuggling protocol, smuggling is defined as "... the procurement of the illegal entry into or illegal residence of a person in a State Party of which the person is not a national or a permanent resident in order to obtain, directly or indirectly, a financial or other material benefit.")</subfield></datafield><datafield ind1=" " ind2=" " tag="670"><subfield code="a">NY Times, August 13, 2003</subfield><subfield code="b">(people smugglers; immigrant smuggling)</subfield></datafield><datafield ind1=" " ind2=" " tag="670"><subfield code="a">WWW, August 13, 2003</subfield><subfield code="b">(people smuggling)</subfield></datafield><datafield ind1=" " ind2=" " tag="680"><subfield code="i">Here are entered works on facilitating the entry of illegal aliens into a country with the objective of making a profit. Works on the coercive commercial trade in human beings for the purpose of sexual or other exploitation are entered under</subfield><subfield code="a">Human trafficking.</subfield></datafield><datafield ind1=" " ind2=" " tag="681"><subfield code="i">Note under</subfield><subfield code="a">Human trafficking</subfield></datafield><datafield ind1=" " ind2=" " tag="690"><subfield code="a">sla-lab updated based on DEIA Catalog Working Group changes May 2021; "Undocumented immigrants" term borrowed from Sears ; "undocumented foreign national" term from Bill H.R. 3776 (116th Congress)</subfield></datafield></record>