
<record><leader>00648cz  a2200157n  4500</leader><controlfield tag="005">20250225113337.0</controlfield><controlfield tag="008">100429|| anannbabn          |n ana      </controlfield><controlfield tag="001">98188860306706381</controlfield><datafield ind1=" " ind2=" " tag="010"><subfield code="a">sh2010007947</subfield></datafield><datafield ind1=" " ind2=" " tag="035"><subfield code="a">(DLC)sh2010007947</subfield></datafield><datafield ind1=" " ind2=" " tag="040"><subfield code="a">DLC</subfield><subfield code="b">eng</subfield><subfield code="c">DLC</subfield><subfield code="d">MiU</subfield></datafield><datafield ind1=" " ind2=" " tag="150"><subfield code="a">World War, 1939-1945</subfield><subfield code="x">Campaigns</subfield><subfield code="z">Mexico, Gulf of</subfield></datafield><datafield ind1=" " ind2=" " tag="450"><subfield code="a">World War, 1939-1945</subfield><subfield code="x">Campaigns</subfield><subfield code="z">America, Gulf of</subfield></datafield><datafield ind1=" " ind2=" " tag="670"><subfield code="a">Work cat.: Wiggins, Melanie. Torpedoes in the Gulf, c1995</subfield></datafield><datafield ind1=" " ind2=" " tag="690"><subfield code="a">sla-lab created local heading based on DEIA Catalog Working Group resolution to keep the term preferred by library community 2025-02-25</subfield></datafield><datafield ind1=" " ind2=" " tag="035"><subfield code="a">(LIBRARY_OF_CONGRESS)98171019720000041</subfield></datafield></record>