
<record><leader>00546nz  a2200145n  4500</leader><controlfield tag="005">20250225113247.0</controlfield><controlfield tag="008">950622|| anannbab|          |n ana |||  </controlfield><controlfield tag="001">98188860306906381</controlfield><datafield ind1=" " ind2=" " tag="010"><subfield code="a">sh 95005280</subfield></datafield><datafield ind1=" " ind2=" " tag="035"><subfield code="a">(DLC) sh 95005280</subfield></datafield><datafield ind1=" " ind2=" " tag="040"><subfield code="a">DLC</subfield><subfield code="c">DLC</subfield><subfield code="d">MiU</subfield></datafield><datafield ind1=" " ind2=" " tag="150"><subfield code="a">Submarine topography</subfield><subfield code="z">Mexico, Gulf of</subfield></datafield><datafield ind1=" " ind2=" " tag="450"><subfield code="a">Submarine topography</subfield><subfield code="z">America, Gulf of</subfield></datafield><datafield ind1=" " ind2=" " tag="690"><subfield code="a">sla-lab created local heading based on DEIA Catalog Working Group resolution to keep the term preferred by library community 2025-02-25</subfield></datafield><datafield ind1=" " ind2=" " tag="035"><subfield code="a">(LIBRARY_OF_CONGRESS)98170931400000041</subfield></datafield></record>