
<record><leader>00660cz  a2200157n  4500</leader><controlfield tag="005">20250225113214.0</controlfield><controlfield tag="008">100413|| anannbabn          |n ana      </controlfield><controlfield tag="001">98188860307006381</controlfield><datafield ind1=" " ind2=" " tag="010"><subfield code="a">sh2010106426</subfield></datafield><datafield ind1=" " ind2=" " tag="035"><subfield code="a">(DLC)sh2010106426</subfield></datafield><datafield ind1=" " ind2=" " tag="040"><subfield code="a">DLC</subfield><subfield code="b">eng</subfield><subfield code="c">DLC</subfield><subfield code="d">MiU</subfield></datafield><datafield ind1=" " ind2=" " tag="150"><subfield code="a">Pilot guides</subfield><subfield code="z">Mexico, Gulf of</subfield></datafield><datafield ind1=" " ind2=" " tag="450"><subfield code="a">Pilot guides</subfield><subfield code="z">America, Gulf of</subfield></datafield><datafield ind1=" " ind2=" " tag="670"><subfield code="a">Work cat.: Derrotero de las islas Antillas, de las costas de tierra firme y de las del seno mexicano, 1980]</subfield></datafield><datafield ind1=" " ind2=" " tag="690"><subfield code="a">sla-lab created local heading based on DEIA Catalog Working Group resolution to keep the term preferred by library community 2025-02-25</subfield></datafield><datafield ind1=" " ind2=" " tag="035"><subfield code="a">(LIBRARY_OF_CONGRESS)98170526910000041</subfield></datafield></record>