
<record><leader>00583nz  a2200157n  4500</leader><controlfield tag="005">20250225112830.0</controlfield><controlfield tag="008">860211|| anannbab|          |n ana |||  </controlfield><controlfield tag="001">98188860307806381</controlfield><datafield ind1=" " ind2=" " tag="010"><subfield code="a">sh 85081270</subfield></datafield><datafield ind1=" " ind2=" " tag="035"><subfield code="a">(DLC) sh 85081270</subfield></datafield><datafield ind1=" " ind2=" " tag="040"><subfield code="a">DLC</subfield><subfield code="c">DLC</subfield><subfield code="d">MiU</subfield></datafield><datafield ind1=" " ind2=" " tag="150"><subfield code="a">Marine sediments</subfield><subfield code="z">Mexico, Gulf of</subfield></datafield><datafield ind1=" " ind2=" " tag="450"><subfield code="a">Marine sediments</subfield><subfield code="z">America, Gulf of</subfield></datafield><datafield ind1=" " ind2=" " tag="681"><subfield code="i">Note under</subfield><subfield code="a">Marine sediments</subfield></datafield><datafield ind1=" " ind2=" " tag="690"><subfield code="a">sla-lab created local heading based on DEIA Catalog Working Group resolution to keep the term preferred by library community 2025-02-25</subfield></datafield><datafield ind1=" " ind2=" " tag="035"><subfield code="a">(LIBRARY_OF_CONGRESS)98171067490000041</subfield></datafield></record>