
<record><leader>00645cz  a2200157n  4500</leader><controlfield tag="005">20250225112537.0</controlfield><controlfield tag="008">090818|| anannbabn          |n ana      </controlfield><controlfield tag="001">98188860308406381</controlfield><datafield ind1=" " ind2=" " tag="010"><subfield code="a">sh2009121725</subfield></datafield><datafield ind1=" " ind2=" " tag="035"><subfield code="a">(DLC)sh2009121725</subfield></datafield><datafield ind1=" " ind2=" " tag="040"><subfield code="a">DLC</subfield><subfield code="b">eng</subfield><subfield code="c">DLC</subfield><subfield code="d">MiU</subfield></datafield><datafield ind1=" " ind2=" " tag="150"><subfield code="a">Continental shelf</subfield><subfield code="z">Mexico, Gulf of</subfield></datafield><datafield ind1=" " ind2=" " tag="450"><subfield code="a">Continental shelf</subfield><subfield code="z">America, Gulf of</subfield></datafield><datafield ind1=" " ind2=" " tag="670"><subfield code="a">Work cat.: Fate and effects of nearshore discharges of OCS produced waters, [1991]</subfield></datafield><datafield ind1=" " ind2=" " tag="690"><subfield code="a">sla-lab created local heading based on DEIA Catalog Working Group resolution to keep the term preferred by library community 2025-02-25</subfield></datafield><datafield ind1=" " ind2=" " tag="035"><subfield code="a">(LIBRARY_OF_CONGRESS)98171073650000041</subfield></datafield></record>