
<record><leader>00915cz  a2200205n  4500</leader><controlfield tag="005">20250225112514.0</controlfield><controlfield tag="008">951222|| anannbabn          |a ana     c</controlfield><controlfield tag="001">98188860308606381</controlfield><datafield ind1=" " ind2=" " tag="010"><subfield code="a">sh 95010828</subfield></datafield><datafield ind1=" " ind2=" " tag="035"><subfield code="a">(DLC) sh 95010828</subfield></datafield><datafield ind1=" " ind2=" " tag="040"><subfield code="a">DGPO</subfield><subfield code="c">DLC</subfield><subfield code="d">DLC</subfield><subfield code="d">MiU</subfield></datafield><datafield ind1=" " ind2=" " tag="151"><subfield code="a">Central Slope (Gulf of Mexico)</subfield></datafield><datafield ind1=" " ind2=" " tag="451"><subfield code="a">Central Slope (Gulf of America)</subfield></datafield><datafield ind1=" " ind2=" " tag="550"><subfield code="w">g</subfield><subfield code="a">Continental slopes</subfield><subfield code="z">Mexico, Gulf of</subfield></datafield><datafield ind1=" " ind2=" " tag="670"><subfield code="a">Work cat.: U.S. National Ocean Service. Bathymetric map, Gulf of Mexico, Central Slope, 1991:</subfield><subfield code="b">map recto (Central Slope, Gulf of Mexico)</subfield></datafield><datafield ind1=" " ind2=" " tag="670"><subfield code="a">BGN gaz. of undersea features, 1990</subfield><subfield code="b">(Central Slope, slope)</subfield></datafield><datafield ind1=" " ind2=" " tag="675"><subfield code="a">Nat. Geog. atlas;</subfield><subfield code="a">Web. geog.</subfield></datafield><datafield ind1=" " ind2="0" tag="781"><subfield code="z">Central Slope (Gulf of Mexico)</subfield></datafield><datafield ind1=" " ind2=" " tag="690"><subfield code="a">sla-lab created local heading based on DEIA Catalog Working Group resolution to keep the term preferred by library community 2025-02-25</subfield></datafield><datafield ind1=" " ind2=" " tag="035"><subfield code="a">(LIBRARY_OF_CONGRESS)98172603520000041</subfield></datafield></record>