
<record><leader>04817cz  a2200793n  4500</leader><controlfield tag="005">20250225112256.0</controlfield><controlfield tag="008">860211|| anannbabn          |a ana      </controlfield><controlfield tag="001">98188860309506381</controlfield><datafield ind1=" " ind2=" " tag="010"><subfield code="a">sh 85082617</subfield></datafield><datafield ind1=" " ind2=" " tag="034"><subfield code="d">W1510027</subfield><subfield code="e">W1510027</subfield><subfield code="f">N0630410</subfield><subfield code="g">N0630410</subfield><subfield code="2">geonames</subfield></datafield><datafield ind1=" " ind2=" " tag="035"><subfield code="a">(DLC)sh 85082617</subfield></datafield><datafield ind1=" " ind2=" " tag="040"><subfield code="a">DLC</subfield><subfield code="c">DLC</subfield><subfield code="d">DLC</subfield><subfield code="d">MiU</subfield></datafield><datafield ind1=" " ind2=" " tag="151"><subfield code="a">Denali, Mount (Alaska)</subfield></datafield><datafield ind1=" " ind2=" " tag="451"><subfield code="a">Bolshoy Mountain (Alaska)</subfield></datafield><datafield ind1=" " ind2=" " tag="451"><subfield code="a">Bulshaia Gora (Alaska)</subfield></datafield><datafield ind1=" " ind2=" " tag="451"><subfield code="a">Bulshaya Gora (Alaska)</subfield></datafield><datafield ind1=" " ind2=" " tag="451"><subfield code="a">Bulshoe (Alaska)</subfield></datafield><datafield ind1=" " ind2=" " tag="451"><subfield code="a">Churchill Peaks (Alaska)</subfield></datafield><datafield ind1=" " ind2=" " tag="451"><subfield code="a">Deenaalee Mountain (Alaska)</subfield></datafield><datafield ind1=" " ind2=" " tag="451"><subfield code="a">Deenadhee (Alaska)</subfield></datafield><datafield ind1=" " ind2=" " tag="451"><subfield code="a">Deenadheet (Alaska)</subfield></datafield><datafield ind1=" " ind2=" " tag="451"><subfield code="a">Deenalee (Alaska)</subfield></datafield><datafield ind1=" " ind2=" " tag="451"><subfield code="a">Deghilaay Ce'e (Alaska)</subfield></datafield><datafield ind1=" " ind2=" " tag="451"><subfield code="a">Deghilaay Ke'e (Alaska)</subfield></datafield><datafield ind1=" " ind2=" " tag="451"><subfield code="a">Delaykah (Alaska)</subfield></datafield><datafield ind1=" " ind2=" " tag="451"><subfield code="a">Denadhe (Alaska)</subfield></datafield><datafield ind1=" " ind2=" " tag="451"><subfield code="a">Denagadh (Alaska)</subfield></datafield><datafield ind1=" " ind2=" " tag="451"><subfield code="a">Denaze (Alaska)</subfield></datafield><datafield ind1=" " ind2=" " tag="451"><subfield code="a">Dengadh (Alaska)</subfield></datafield><datafield ind1=" " ind2=" " tag="451"><subfield code="a">Dengadhe (Alaska)</subfield></datafield><datafield ind1=" " ind2=" " tag="451"><subfield code="a">Dengadhi (Alaska)</subfield></datafield><datafield ind1=" " ind2=" " tag="451"><subfield code="a">Dengadhiy (Alaska)</subfield></datafield><datafield ind1=" " ind2=" " tag="451"><subfield code="a">Densmore's Mountain (Alaska)</subfield></datafield><datafield ind1=" " ind2=" " tag="451"><subfield code="a">Densmores Peak (Alaska)</subfield></datafield><datafield ind1=" " ind2=" " tag="451"><subfield code="a">Dghelaay Ce'e (Alaska)</subfield></datafield><datafield ind1=" " ind2=" " tag="451"><subfield code="a">Dghelaay Ke'e (Alaska)</subfield></datafield><datafield ind1=" " ind2=" " tag="451"><subfield code="a">Dghelay Ka'a (Alaska)</subfield></datafield><datafield ind1=" " ind2=" " tag="451"><subfield code="a">Dghili Ka'a (Alaska)</subfield></datafield><datafield ind1=" " ind2=" " tag="451"><subfield code="a">Diinaadhi (Alaska)</subfield></datafield><datafield ind1=" " ind2=" " tag="451"><subfield code="a">Diinaadhii (Alaska)</subfield></datafield><datafield ind1=" " ind2=" " tag="451"><subfield code="a">Diinaadhiit (Alaska)</subfield></datafield><datafield ind1=" " ind2=" " tag="451"><subfield code="a">Diinaalii (Alaska)</subfield></datafield><datafield ind1=" " ind2=" " tag="451"><subfield code="a">Diinaazii (Alaska)</subfield></datafield><datafield ind1=" " ind2=" " tag="451"><subfield code="a">Diineezi (Alaska)</subfield></datafield><datafield ind1=" " ind2=" " tag="451"><subfield code="a">Din-al-ee (Alaska : Mount Denali)</subfield></datafield><datafield ind1=" " ind2=" " tag="451"><subfield code="a">Din-az-ee (Alaska : Mount Denali)</subfield></datafield><datafield ind1=" " ind2=" " tag="451"><subfield code="a">Doleika (Alaska)</subfield></datafield><datafield ind1=" " ind2=" " tag="451"><subfield code="a">Doleyka (Alaska)</subfield></datafield><datafield ind1=" " ind2=" " tag="451"><subfield code="w">nne</subfield><subfield code="a">McKinley, Mount (Alaska)</subfield></datafield><datafield ind1=" " ind2=" " tag="451"><subfield code="a">Mount Denali (Alaska)</subfield></datafield><datafield ind1=" " ind2=" " tag="451"><subfield code="a">Mount Doleika (Alaska)</subfield></datafield><datafield ind1=" " ind2=" " tag="451"><subfield code="a">Mount McKinley (Alaska)</subfield></datafield><datafield ind1=" " ind2=" " tag="451"><subfield code="a">North Peak (Alaska : Mount Denali)</subfield></datafield><datafield ind1=" " ind2=" " tag="451"><subfield code="a">South Peak (Alaska : Mount Denali)</subfield></datafield><datafield ind1=" " ind2=" " tag="451"><subfield code="a">Tenada (Alaska)</subfield></datafield><datafield ind1=" " ind2=" " tag="451"><subfield code="a">Tenda (Alaska)</subfield></datafield><datafield ind1=" " ind2=" " tag="451"><subfield code="a">Tennaly (Alaska)</subfield></datafield><datafield ind1=" " ind2=" " tag="451"><subfield code="a">To-lah-gah (Alaska)</subfield></datafield><datafield ind1=" " ind2=" " tag="451"><subfield code="a">Traleika (Alaska : Mount Denali)</subfield></datafield><datafield ind1=" " ind2=" " tag="451"><subfield code="a">Traleyka (Alaska)</subfield></datafield><datafield ind1=" " ind2=" " tag="551"><subfield code="w">g</subfield><subfield code="a">Alaska Range (Alaska)</subfield></datafield><datafield ind1=" " ind2=" " tag="550"><subfield code="w">g</subfield><subfield code="a">Mountains</subfield><subfield code="z">Alaska</subfield></datafield><datafield ind1=" " ind2=" " tag="670"><subfield code="a">GeoNames [algorithmically matched]</subfield><subfield code="b">summit; 63°04ʹ10ʺN 151°00ʹ27ʺW</subfield></datafield><datafield ind1=" " ind2=" " tag="670"><subfield code="a">GNIS, Aug. 31, 2015:</subfield><subfield code="b">(Denali; summit in Denali County, Alaska; variant names: Bolshoy; Bulshaia Gora; Bulshaya Gora; Bulshoe; Churchill Peaks; Deenaalee; Deenadhee; Deenadheet; Deenalee; Deghilaay Ce'e; Deghilaay Ke'e; Delaykah; Denadhe; Denagadh; Denaze; Dengadh; Dengadhe; Dengadhi; Dengadhiy; Densmore's Mountain; Densmores Peak; Dghelaay Ce'e; Dghelaay Ke'e; Dghelay Ka'a; Dghili Ka'a; Diinaadhi; Diinaadhii; Diinaadhiit; Diinaalii; Diinaazii; Diineezi; Din-al-ee; Din-az-ee; Doleika; Doleyka; Mount Denali; Mount Doleika; Mount McKinley; North Peak; North Peak Mount McKinley; South Peak; South Peak Mount McKinley; Tenada; Tenda; Tennaly; To-lah-gah; Traleika; Traleyka; Denali also name of ppl and several other jurisdictions in Alaska; Bolshoy also name of several islands; Deenaalee also name of lake; Din-al-ee and Din-az-ee also variant names for Mount Foraker in Denali County; Traleika also name of summit in "Alaska Range near Mount McKinley" [no county listed]; North Peak and South Peak also names for other summits in other counties in Alaska)</subfield></datafield><datafield ind1=" " ind2=" " tag="670"><subfield code="a">Washington Post online, Aug. 31, 2015:</subfield><subfield code="b">(article: Obama will rename the highest U.S. peak, dropping McKinley for Denali; President Obama in Anchorage on Monday will announce the renaming of Mount McKinley, honoring the 25th president, to Mount Denali, an Athabascan name used by generations of Alaska Natives that means "the great one.")</subfield></datafield><datafield ind1=" " ind2=" " tag="670"><subfield code="a">Columbia gazetteer online, Aug. 31, 2015:</subfield><subfield code="b">(McKinley, Mount or Denali (=the great one), mountain (20,320 ft/6,194 m), S central Alaska, in the Alaska Range; 63°04ʹN 151°00ʹW. Highest point in North America. McKinley features two main peaks: the higher is South Peak (20,320 ft/6,194 m) and North Peak (19,470 ft/5,934 m); the two together have sometimes been known as the Churchhill Peaks. Other notable peaks on the mountain are South Buttress (15,885 ft/4,842 m), East Buttress (14,730 ft/4,490 m), and Browne Tower (14,530 ft/4,429m). Permanent snowfields cover more than half the mountain and feed numerous glaciers. Mount McKinley was first scaled successfully by the American explorer Hudson Stuck in 1913. It is included in Denali National Park and Preserve.)</subfield></datafield><datafield ind1=" " ind2=" " tag="690"><subfield code="a">sla-lab created local heading based on DEIA Catalog Working Group resolution to keep the term preferred by Alaska legislature and indigenous peoples 2025-02-25</subfield></datafield><datafield ind1=" " ind2="0" tag="781"><subfield code="z">Alaska</subfield><subfield code="z">Denali, Mount</subfield></datafield><datafield ind1=" " ind2=" " tag="035"><subfield code="a">(LIBRARY_OF_CONGRESS)98170841570000041</subfield></datafield></record>
